@article{Bale00,
author="Thomas Bale",
title="{Archetypes: Constraint-based Domain Models for Future-proof Information Systems}",
journal="Eleventh OOPSLA Workshop on Behavioral Semantics. Serving the Customer",
year="2002"
}

@article{Lopez16,
author="Pablo López and Jesús Romero and José Luis {Vázquez Noguera} and Cristian Cappo and Diego P. Pinto-Roa and Cynthia Villalba",
title="{Cloud Architecture for EHR Systems Interoperability Applying HL7 FHIR and the Two-Level Approach}",
year="2016"
}

@article{Maldonado09,
author="José A. Maldonado and David Moner and Diego Boscá and Jesualdo T. Fernández-Breis and Carlos Angulo and Montserrat Robles",
title="{LinkEHR-Ed: A multi-reference model archetype editor based on formal semantics}",
journal="International journal of medical informatics",
volume="78",
number="8",
pages="559--570",
year="2009"
}

@article{Bosca15,
author="Diego Bosca and David Moner and Jose Alberto Maldonado and Montserrat Robles",
title="{Combining Archetypes with Fast Health Interoperability Resources in Future-proof Health Information System}",
journal="Digital Healthcare Empowering Europeans: Proceedings of MIE2015",
volume="210",
pages="180",
year="2015"
}

@techreport{Indarte11,
author="Selene Indarte and Pablo Pazos",
title="{Estándares e interoperabilidad en salud electrónica: Requisitos para una gestión sanitaria efectiva y eficiente}",
institution="Comisión Económica para América Latina y el Caribe",
year="2011"
}

@techreport{OPS16,
author="Daniel Luna",
title="{Revisión de estándares de interoperabilidad para la eSalud en Latinoamérica y el Caribe}",
institution="Organización Panamericana de la Salud",
year="2016"
}

@techreport{ISO20514,
title="{ISO/TR 20514. Electronic Health Record Definition, Scope, and Context}",
institution="International Organization for Standardization",
year="2015"
}

@misc{CareCoordination,
title="{Care Coordination}",
note="(last access: January 2020); available from: \url{https://www.ahrq.gov/ncepcr/care/coordination.html}",
year="2018",
month="August"
}

@misc{Collaboration,
author="Bridget Kirkham",
title="{Fire and air: joint project promises better collaboration}",
note="(last access: January 2020); available from: \url{http://issuu.com/pulseitmagazine/docs/pulseit_august2014/38}",
year="2014"
}

@misc{UCUM,
title="{The Unified Code for Units of Measure}",
note="(last access: January 2020); available from: \url{http://unitsofmeasure.org/trac}"
}

@misc{PythonImplementation,
title="{Python implementation}",
note="(last access: January 2020); available from: \url{https://github.com/UIGonzalez/interoperability-fhir-openehr}"
}

@misc{FHIR,
title="{FHIR}",
note="(last access: January 2020); available from: \url{https://www.hl7.org/fhir}"
}

@misc{FHIRExecutive,
title="{FHIR Executive Summary}",
note="(last access: January 2020); available from: \url{https://www.hl7.org/fhir/summary.html}"
}

@misc{FHIRDeveloper,
title="{FHIR Developer's introduction}",
note="(last access: January 2020); available from: \url{https://www.hl7.org/fhir/overview-dev.html}"
}

@misc{FHIRClinician,
title="{FHIR Overview - Clinicians}",
note="(last access: January 2020); available from: \url{https://www.hl7.org/fhir/overview-clinical.html}"
}

@misc{FHIRArchitecture,
title="{FHIR Overview - Architects}",
note="(last access: January 2020); available from: \url{https://www.hl7.org/fhir/overview-arch.html}"
}

@misc{FHIRResource,
title="{FHIR Resource}",
note="(last access: January 2020); available from: \url{https://www.hl7.org/fhir/resource.html}"
}

@misc{FHIRDataTypes,
title="{Health Level Seven Data Types}",
note="(last access: January 2020); available from: \url{https://www.hl7.org/fhir/datatypes.html}"
}

@misc{FHIRExtensibility,
title="{FHIR Extensibility}",
note="(last access: January 2020); available from: \url{https://www.hl7.org/fhir/extensibility.html}"
}

@misc{FHIRProfiling,
title="{FHIR Profiling}",
note="(last access: January 2020); available from: \url{https://www.hl7.org/fhir/profiling.html}"
}

@misc{FHIRResourceList,
title="{FHIR Resource List}",
note="(last access: January 2020); available from: \url{https://www.hl7.org/fhir/resourcelist.html}"
}

@misc{FHIRPatient,
title="{FHIR Resource Patient}",
note="(last access: January 2020); available from: \url{http://hl7.org/fhir/patient.html}"
}

@misc{FHIRAdministrativeGender,
title="{Value Set Administrative Gender}",
note="(last access: January 2020); available from: \url{https://www.hl7.org/fhir/valueset-administrative-gender.html}"
}

@misc{FHIRStructureDefinition,
title="{FHIR Resource StructureDefinition}",
note="(last access: January 2020); available from: \url{https://www.hl7.org/fhir/structuredefinition.html}"
}

@misc{FHIRElementDefinition,
title="{FHIR Resource ElementDefinition}",
note="(last access: January 2020); available from: \url{https://www.hl7.org/fhir/elementdefinition.html}"
}

@misc{openEHR,
title="{openEHR}",
note="(last access: January 2020); available from: \url{http://www.openehr.org}"
}

@misc{openEHRWhitePaper,
title="{openEHR White Paper}",
note="(last access: January 2020); available from: \url{https://www.openehr.org/resources/white_paper_docs/openEHR_vendor_independent_platform.pdf}"
}

@misc{openEHRArchitecture,
title="{Archetype Architecture Overview}",
note="(last access: January 2020); available from: \url{https://www.openehr.org/releases/BASE/latest/docs/architecture_overview/architecture_overview.html}"
}

@misc{openEHRDataTypes,
title="{OpenEHR Data Types Information Model}",
note="(last access: January 2020); available from: \url{https://www.openehr.org/releases/RM/latest/docs/data_types/data_types.html}"
}

@misc{openEHRDataStructures,
title="{OpenEHR Data Structures Information Model}",
note="(last access: January 2020); available from: \url{https://www.openehr.org/releases/RM/latest/docs/data_structures/data_structures.html}"
}

@misc{openEHRAOM,
title="{Archetype Object Model 2 (AOM2) Specification}",
note="(last access: January 2020); available from: \url{https://www.openehr.org/releases/AM/latest/docs/AOM2/AOM2.html}"
}

@misc{openEHRModellingTools,
title="{openEHR Modelling Tools}",
note="(last access: January 2020); available from: \url{http://www.openehr.org/downloads/modellingtools}"
}

@misc{openEHRIntegration,
title="{openEHR Integration Information Model}",
note="(last access: January 2020); available from: \url{https://www.openehr.org/releases/RM/latest/docs/integration/integration.html}"
}

@misc{openEHRADL14,
title="{Archetype Definition Language 1.4 (ADL 1.4) Specification}",
note="(last access: January 2020); available from: \url{https://specifications.openehr.org/releases/AM/latest/ADL1.4.html}"
}

@misc{openEHRADL,
title="{Archetype Definition Language 2 (ADL2) Specification}",
note="(last access: January 2020); available from: \url{https://specifications.openehr.org/releases/AM/latest/ADL2.html}"
}

@misc{ADLWORKbench,
title="{ADL Workbench}",
note="(last access: January 2020); available from: \url{https://github.com/openEHR/adl-tools/wiki}"
}

@misc{W3C,
title="{XML Schema Part 2: Datatypes Second Edition}",
note="(last access: January 2020); available from: \url{https://www.w3.org/TR/xmlschema-2}"
}
