@online{CareCoordination,
title="Care Coordination",
year="2016",
url="https://www.ahrq.gov/professionals/prevention-chronic-care/improve/coordination/index.html"
}

@report{Indarte11,
author="Selene Indarte and Pablo {Pazos Gutiérrez}",
title="Estándares e interoperabilidad en salud electrónica: Requisitos para una gestión sanitaria efectiva y eficiente",
type="Documento de Proyecto",
institution="Comisión Económica para América Latina y el Caribe",
year="2011"
}

@report{OPS16,
author="Daniel Luna",
title="Revisión de estándares de interoperabilidad para la eSalud en Latinoamérica y el Caribe",
type="Publicación",
institution="Organización Panamericana de la Salud",
year="2016"
}

@online{FHIR,
title="FHIR",
url="https://www.hl7.org/fhir"
}

@online{FHIROverview,
title="FHIR Overview - Developers",
url="https://www.hl7.org/fhir/overview-dev.html"
}

@online{openEHR,
title="openEHR",
url="http://www.openehr.org"
}

@online{Bale00,
author="Thomas Bale",
title="Archetypes Constraint-based Domain Models for Future-proof Information Systems",
year="2000",
url="http://www.openehr.org/files/resources/publications/archetypes/archetypes_beale_web_2000.pdf"
}

@online{ADL,
title="Archetype Definition Language 2 (ADL2) Specification",
url="http://openehr.org/releases/AM/latest/docs/ADL2/ADL2.html"
}

@online{RM,
title="openEHR Architecture Overview",
url="http://www.openehr.org/releases/BASE/latest/docs/architecture_overview/architecture_overview.html"
}

@article{Lopez16,
author="Pablo López and Jesús Romero and José Luis {Vázquez Noguera} and Cristian Cappo and Diego P. Pinto-Roa and Cynthia Villalba",
title="Cloud Architecture for EHR Systems Interoperability Applying HL7 FHIR and the Two-Level Approach",
year="2016"
}

@online{Collaboration,
author="Bridget Kirkham",
title="Fire and air: joint project promises better collaboration",
year="2014",
url="http://issuu.com/pulseitmagazine/docs/pulseit_august2014/38"
}

@article{Maldonado09,
author="José A. Maldonado and David Moner and Diego Boscá and Jesualdo T. Fernández-Breis and Carlos Angulo and Montserrat Robles",
title="LinkEHR-Ed: A multi-reference model archetype editor based on formal semantics",
journaltitle="International journal of medical informatics",
volume="78",
number="8",
pages="559--570",
year="2009"
}

@article{Bosca15,
author="Diego Bosca and David Moner and Jose Alberto Maldonado and Montserrat Robles",
title="Combining Archetypes with Fast Health Interoperability Resources in Future-proof Health Information System",
journaltitle="Digital Healthcare Empowering Europeans: Proceedings of MIE2015",
volume="210",
pages="180",
year="2015"
}
